<?xml version="1.0" encoding="UTF-8"?>
<record xmlns="http://www.loc.gov/MARC21/slim">
   <leader>01681cam a2200361   4500</leader>
   <controlfield tag="001">507695</controlfield>
   <controlfield tag="003">NjP</controlfield>
   <controlfield tag="005">20190705140905.0</controlfield>
   <controlfield tag="008">890425s1951    iq       b   f000 0 arard</controlfield>
   <datafield tag="024" ind1="7" ind2=" ">
      <subfield code="a">princeton_aco003698</subfield>
      <subfield code="2">local</subfield>
   </datafield>
   <datafield ind1=" " ind2=" " tag="010">
      <subfield code="a">   70233954 </subfield>
   </datafield>
   <datafield ind1=" " ind2=" " tag="040">
      <subfield code="a">PUL</subfield>
      <subfield code="c">PUL</subfield>
      <subfield code="d">PUL</subfield>
   </datafield>
   <datafield ind1=" " ind2=" " tag="035">
      <subfield code="a">(CStRLIN)NJPG89-B20518</subfield>
   </datafield>
   <datafield ind1=" " ind2=" " tag="035">
      <subfield code="9">ACJ3480TS</subfield>
   </datafield>
   <datafield ind1=" " ind2=" " tag="035">
      <subfield code="a">(NjP)507695</subfield>
   </datafield>
   <datafield ind1=" " ind2=" " tag="049">
      <subfield code="a">PULL</subfield>
   </datafield>
   <datafield ind1=" " ind2=" " tag="035">
      <subfield code="a">(OCoLC)ocm22315819</subfield>
   </datafield>
   <datafield ind1="1" ind2=" " tag="110">
      <subfield code="a">Iraq.</subfield>
      <subfield code="0">http://id.loc.gov/authorities/names/n79077342</subfield>
   </datafield>
   <datafield ind1="1" ind2="0" tag="240">
      <subfield code="a">Laws, etc.</subfield>
   </datafield>
   <datafield ind1="1" ind2="0" tag="245">
      <subfield code="6">880-01</subfield>
      <subfield code="a">Majmūʻat qawānīn al-khāṣṣah bi-al-Maṣrif al-Waṭanī al-ʻIrāqī wa-al-anẓimah wa-al-taʻlīmāt wa-al-bayānāt al-ṣādirah bi-mūjibihā.</subfield>
      <subfield code="c">Rattabahā wa-ashrafa ʻalayhā Kāmil al-Sāmarrāʼī.</subfield>
   </datafield>
   <datafield ind1=" " ind2=" " tag="260">
      <subfield code="6">880-02</subfield>
      <subfield code="a">Baghdād,</subfield>
      <subfield code="b">Maṭbaʻat al-Ḥukūmah,</subfield>
      <subfield code="c">1951.</subfield>
   </datafield>
   <datafield ind1=" " ind2=" " tag="300">
      <subfield code="a">318, 5 p.</subfield>
      <subfield code="c">21 cm.</subfield>
   </datafield>
   <datafield ind1=" " ind2=" " tag="504">
      <subfield code="a">Includes bibliographical references.</subfield>
   </datafield>
   <datafield ind1="2" ind2="0" tag="610">
      <subfield code="6">880-03</subfield>
      <subfield code="a">Bank al-Markazī al-ʻIrāqī.</subfield>
      <subfield code="0">http://id.loc.gov/authorities/names/nr90004833</subfield>
   </datafield>
   <datafield ind1="1" ind2=" " tag="700">
      <subfield code="6">880-04</subfield>
      <subfield code="a">Samārrāʼī, Kāmil.</subfield>
   </datafield>
   <datafield ind1="1" ind2="0" tag="880">
      <subfield code="6">245-01/r</subfield>
      <subfield code="a">مجموعة قوانين الخاصة بالمصرف الوطني العراقي والانظمة والتعليمات والبيانات الصادرة بموجبها.</subfield>
      <subfield code="c">رتبها واشرف عليها كامل السامرائي.</subfield>
   </datafield>
   <datafield ind1=" " ind2=" " tag="880">
      <subfield code="6">260-02/r</subfield>
      <subfield code="a">بغداد،</subfield>
      <subfield code="b">مطبعة الحكومة،</subfield>
      <subfield code="c">1951.</subfield>
   </datafield>
   <datafield ind1="2" ind2="0" tag="880">
      <subfield code="6">610-03/r</subfield>
      <subfield code="a">بنك المركزي العراقي.</subfield>
   </datafield>
   <datafield ind1="1" ind2=" " tag="880">
      <subfield code="6">700-04/r</subfield>
      <subfield code="a">سمارائي، كامل.</subfield>
   </datafield>
   <datafield ind1=" " ind2=" " tag="998">
      <subfield code="a">04/25/89</subfield>
      <subfield code="s">9114</subfield>
      <subfield code="n">NjP</subfield>
      <subfield code="w">NJPG89B20518</subfield>
      <subfield code="d">04/25/89</subfield>
      <subfield code="c">DGH</subfield>
      <subfield code="b">DGH</subfield>
      <subfield code="i">890425</subfield>
      <subfield code="l">NJPG</subfield>
   </datafield>
   <datafield ind1=" " ind2=" " tag="911">
      <subfield code="a">19921028</subfield>
   </datafield>
   <datafield ind1=" " ind2=" " tag="912">
      <subfield code="a">19900508000000.0</subfield>
   </datafield>
   <datafield ind1=" " ind2=" " tag="994">
      <subfield code="a">C0</subfield>
      <subfield code="b">PUL</subfield>
   </datafield>
   <datafield ind1=" " ind2=" " tag="999">
      <subfield code="a">507695</subfield>
   </datafield>
   <datafield ind1=" " ind2=" " tag="979">
      <subfield code="a">(OCoLC)ocn175793012</subfield>
   </datafield>
   <datafield ind1="8" ind2="0" tag="852">
      <subfield code="0">552375</subfield>
      <subfield code="b">rcppa</subfield>
      <subfield code="t">1</subfield>
      <subfield code="h">KPA</subfield>
      <subfield code="i">.I73 1951</subfield>
      <subfield code="x">tr fr arab</subfield>
   </datafield>
   <datafield ind1=" " ind2=" " tag="959">
      <subfield code="a">2000-06-13 00:00:00 -0400</subfield>
   </datafield>
</record>
